<record><leader>00000cas a2200000 a 4500</leader><controlfield tag="001">28464013</controlfield><controlfield tag="008">930716d19531993iluwr ne      0   a0eng c</controlfield><datafield ind1=" " ind2=" " tag="010"><subfield code="a">sn 93055941 </subfield></datafield><datafield ind1=" " ind2=" " tag="040"><subfield code="a">NVF</subfield><subfield code="b">eng</subfield><subfield code="c">NVF</subfield><subfield code="d">OCLCQ</subfield><subfield code="d">CVF</subfield><subfield code="d">NVF</subfield><subfield code="d">OCLCQ</subfield><subfield code="d">OCLCF</subfield><subfield code="d">NVF</subfield><subfield code="d">OCLCO</subfield></datafield><datafield ind1="1" ind2=" " tag="029"><subfield code="a">AU@</subfield><subfield code="b">000025850327</subfield></datafield><datafield ind1=" " ind2=" " tag="042"><subfield code="a">pcc</subfield></datafield><datafield ind1=" " ind2=" " tag="043"><subfield code="a">n-us-il</subfield></datafield><datafield ind1="0" ind2="4" tag="245"><subfield code="a">The Galena gazette and advertiser.</subfield></datafield><datafield ind1="1" ind2=" " tag="246"><subfield code="i">Published as:</subfield><subfield code="a">Galena gazette</subfield><subfield code="f">May 14, 1959-&lt;Sept. 21, 1961&gt;</subfield></datafield><datafield ind1="3" ind2=" " tag="246"><subfield code="a">Galena gazette &amp; advertiser</subfield></datafield><datafield ind1=" " ind2=" " tag="260"><subfield code="a">Galena, Ill. :</subfield><subfield code="b">[s.n.],</subfield><subfield code="c">1953-1993.</subfield></datafield><datafield ind1=" " ind2=" " tag="300"><subfield code="a">v.</subfield></datafield><datafield ind1=" " ind2=" " tag="310"><subfield code="a">Weekly,</subfield><subfield code="b">Apr. 30, 1959-Mar. 31, 1993</subfield></datafield><datafield ind1=" " ind2=" " tag="321"><subfield code="a">Semiweekly,</subfield><subfield code="b">Sept. 29, 1953-Apr. 24, 1959</subfield></datafield><datafield ind1="0" ind2=" " tag="362"><subfield code="a">Vol. 119, no. 32 (Sept. 29, 1953)-v. 160, no. 13 (Mar. 31, 1993).</subfield></datafield><datafield ind1=" " ind2=" " tag="580"><subfield code="a">Merged with: Stockton/Warren gazette, to form: North western gazette.</subfield></datafield><datafield ind1=" " ind2="0" tag="651"><subfield code="a">Galena (Ill.)</subfield><subfield code="v">Newspapers.</subfield></datafield><datafield ind1=" " ind2="7" tag="651"><subfield code="a">Illinois</subfield><subfield code="z">Galena.</subfield><subfield code="2">fast</subfield><subfield code="0">(OCoLC)fst01207075</subfield></datafield><datafield ind1=" " ind2="7" tag="655"><subfield code="a">Newspapers.</subfield><subfield code="2">fast</subfield><subfield code="0">(OCoLC)fst01423814</subfield></datafield><datafield ind1=" " ind2=" " tag="752"><subfield code="a">United States</subfield><subfield code="b">Illinois</subfield><subfield code="c">Jo Daviess</subfield><subfield code="d">Galena.</subfield></datafield><datafield ind1="0" ind2="0" tag="780"><subfield code="t">Galena gazette</subfield><subfield code="w">(DLC)sn 93055940</subfield><subfield code="w">(OCoLC)28463975</subfield></datafield><datafield ind1="1" ind2="7" tag="785"><subfield code="t">Stockton/Warren gazette</subfield><subfield code="w">(DLC)sn 93055954</subfield><subfield code="w">(OCoLC)28570769</subfield></datafield><datafield ind1="1" ind2="7" tag="785"><subfield code="t">North western gazette</subfield><subfield code="w">(DLC)sn 94060626</subfield><subfield code="w">(OCoLC)31723202</subfield></datafield></record>